<?xml version="1.0" encoding="UTF-8"?><collection xmlns="http://www.loc.gov/MARC21/slim"><record><leader>00458nam--2200121-i-4500</leader><controlfield tag="001">000026624</controlfield><controlfield tag="002">20161230</controlfield><controlfield tag="005">20161230201036</controlfield><controlfield tag="008">060222s1000------------r-----000-0-eng-d</controlfield><datafield ind1=" " ind2=" " tag="245"><subfield code="a">Isotopentechnik in amerika.bericht uber eine studienreise deutscher fachleute in die vereinigten staaten von amerika</subfield></datafield><datafield ind1=" " ind2=" " tag="260"><subfield code="a">Munchen,Carl Hanser Verlag, 1959, 131p.+ 73bildern</subfield></datafield><datafield ind1=" " ind2=" " tag="490"><subfield code="a">Rationalisierungs-kuratorium Der Deutschen Wirtschaft Rkw-auslandienst</subfield></datafield><datafield ind1=" " ind2=" " tag="852"><subfield code="a">22113</subfield></datafield></record></collection>